<?xml version="1.0" encoding="UTF-8"?><record xmlns="http://www.loc.gov/MARC21/slim" xmlns:cinclude="http://apache.org/cocoon/include/1.0" xmlns:zs="http://www.loc.gov/zing/srw/">
  <leader>00498nz  a2200133n  4500</leader>
  <controlfield tag="001">no 00006420 </controlfield>
  <controlfield tag="003">DLC</controlfield>
  <controlfield tag="005">20000201070025.0</controlfield>
  <controlfield tag="008">000131n| acannaabn          |n aaa     c</controlfield>
  <datafield tag="010" ind1=" " ind2=" ">
    <subfield code="a">no 00006420 </subfield>
  </datafield>
  <datafield tag="035" ind1=" " ind2=" ">
    <subfield code="a">(OCoLC)oca05144338</subfield>
  </datafield>
  <datafield tag="040" ind1=" " ind2=" ">
    <subfield code="a">AzTeS</subfield>
    <subfield code="b">eng</subfield>
    <subfield code="c">AzTeS</subfield>
  </datafield>
  <datafield tag="100" ind1="1" ind2=" ">
    <subfield code="a">Prival, David B.</subfield>
  </datafield>
  <datafield tag="670" ind1=" " ind2=" ">
    <subfield code="a">Comparative study of hunted vs. unhunted populations of the twin-spotted rttlesnake, 1999:</subfield>
    <subfield code="b">t.p. (David B. Prival, Wildlife and Fisheries Science, School of Renewable Natural Resources, Univ. of Ariz.)</subfield>
  </datafield>
</record>